
@article{anderlucci2019,
	title = {The Importance of Being Clustered: Uncluttering the Trends of Statistics from 1970 to 2015},
	author = {Anderlucci, Laura and Montanari, Angela and Viroli, Cinzia},
	year = {2019},
	month = {05},
	date = {2019-05-01},
	journal = {Statistical Science},
	volume = {34},
	number = {2},
	doi = {10.1214/18-sts686},
	url = {http://dx.doi.org/10.1214/18-STS686}
}

@article{armstrong1989,
	title = {Ordinal Regression Models for Epidemiologic Data},
	author = {Armstrong, Ben G. and Sloan, Margaret},
	year = {1989},
	month = {01},
	date = {1989-01},
	journal = {American Journal of Epidemiology},
	pages = {191--204},
	volume = {129},
	number = {1},
	doi = {10.1093/oxfordjournals.aje.a115109},
	url = {http://dx.doi.org/10.1093/oxfordjournals.aje.a115109},
	langid = {en}
}

@article{pitombo2015,
	title = {Aplicação conjunta de modelos não paramétricos e paramétricos para previsão de escolha modal},
	author = {Pitombo, Cira Souza and Costa, Aline Schindler Gomes da},
	year = {2015},
	month = {01},
	date = {2015-01},
	journal = {Journal of Transport Literature},
	pages = {30--34},
	volume = {9},
	number = {1},
	doi = {10.1590/2238-1031.jtl.v9n1a6},
	url = {http://dx.doi.org/10.1590/2238-1031.jtl.v9n1a6}
}

@article{tong2018,
	title = {Neyman-Pearson classification algorithms and NP receiver operating characteristics},
	author = {Tong, Xin and Feng, Yang and Li, Jingyi Jessica},
	year = {2018},
	month = {02},
	date = {2018-02-02},
	journal = {Science Advances},
	volume = {4},
	number = {2},
	doi = {10.1126/sciadv.aao1659},
	url = {http://dx.doi.org/10.1126/sciadv.aao1659},
	langid = {en}
}

@article{albuquerque2019,
	title = {Bayesian LDA for mixed-membership clustering analysis: The Rlda package},
	author = {Albuquerque, Pedro H.M. and do Valle, Denis Ribeiro and Li, Daijiang},
	year = {2019},
	month = {01},
	date = {2019-01},
	journal = {Knowledge-Based Systems},
	pages = {988--995},
	volume = {163},
	doi = {10.1016/j.knosys.2018.10.024},
	url = {http://dx.doi.org/10.1016/j.knosys.2018.10.024},
	langid = {en}
}


@article{artes2023metodos,
  title={M{\'e}todos multivariados de an{\'a}lise estat{\'\i}stica},
  author={Artes, Rinaldo and Barroso, Lucia Pereira},
  year={2023}
}

@article{curtin2017designing,
  title={Designing and building the mlpack open-source machine learning library},
  author={Curtin, Ryan R and Edel, Marcus},
  journal={arXiv preprint arXiv:1708.05279},
  year={2017}
}

@inproceedings{edel2014automatic,
  title={An automatic benchmarking system},
  author={Edel, Marcus and Soni, Anand and Curtin, Ryan R},
  booktitle={NIPS 2014 Workshop on Software Engineering for Machine Learning},
  year={2014}
}